<record><leader>00000cas a2200000 a 4500</leader><controlfield tag="001">10062601</controlfield><controlfield tag="008">831027d19791993causr ne      0   a0eng c</controlfield><datafield ind1=" " ind2=" " tag="010"><subfield code="a">sn 83003311 </subfield></datafield><datafield ind1=" " ind2=" " tag="040"><subfield code="a">NSD</subfield><subfield code="b">eng</subfield><subfield code="c">NSD</subfield><subfield code="d">CNK</subfield><subfield code="d">OCLCQ</subfield><subfield code="d">CNK</subfield><subfield code="d">OCLCQ</subfield><subfield code="d">OCLCF</subfield><subfield code="d">OCLCO</subfield></datafield><datafield ind1=" " ind2=" " tag="012"><subfield code="j">0</subfield><subfield code="k">1</subfield><subfield code="m">d</subfield></datafield><datafield ind1="1" ind2=" " tag="022"><subfield code="a">0746-4738</subfield><subfield code="l">0746-4738</subfield><subfield code="2">1</subfield></datafield><datafield ind1="1" ind2=" " tag="029"><subfield code="a">AU@</subfield><subfield code="b">000020407156</subfield></datafield><datafield ind1=" " ind2=" " tag="037"><subfield code="b">The Paper, 500 Bohemian Highway, Freestone, CA 95472</subfield></datafield><datafield ind1=" " ind2=" " tag="042"><subfield code="a">nsdp</subfield><subfield code="a">pcc</subfield></datafield><datafield ind1="0" ind2=" " tag="130"><subfield code="a">Paper (Guerneville, Calif.)</subfield></datafield><datafield ind1=" " ind2="4" tag="222"><subfield code="a">The Paper</subfield><subfield code="b">(Monte Rio, Calif.)</subfield></datafield><datafield ind1="0" ind2="4" tag="245"><subfield code="a">The Paper.</subfield></datafield><datafield ind1="1" ind2="7" tag="246"><subfield code="a">West Sonoma County paper</subfield><subfield code="f">&lt;Nov. 9-15, 1989-1991&gt;</subfield></datafield><datafield ind1=" " ind2=" " tag="260"><subfield code="a">Guerneville, Calif. :</subfield><subfield code="b">Bob Lucas</subfield></datafield><datafield ind1=" " ind2=" " tag="300"><subfield code="a">v.</subfield></datafield><datafield ind1=" " ind2=" " tag="310"><subfield code="a">Semimonthy,</subfield><subfield code="b">Oct. 4, 1990-Dec. 16-31, 1993</subfield></datafield><datafield ind1=" " ind2=" " tag="321"><subfield code="a">Weekly,</subfield><subfield code="b">June 8, 1979-Sept. 27-Oct. 3, 1990</subfield></datafield><datafield ind1="0" ind2=" " tag="362"><subfield code="a">Vol. 1, no. 1 (June 8, 1979)-v. 15, no. 14 (Dec. 16-31, 1993).</subfield></datafield><datafield ind1=" " ind2=" " tag="500"><subfield code="a">Imprint varies: Guerneville, Calif., June 8, 1979-Nov. 18, 1981, July 19-25, 1984-Dec. 23-30, 1986; Monte Rio, Calif., Nov. 25, 1981-July 12-18, 1984; Forestville, Calif., Dec. 31, 1986-Jan. 6, 1987-Oct. 5-11, 1989; Freestone, Calif., Oct. 12-18, 1989-Dec. 17-31, 1992; Santa Rosa, Calif., Jan. 1-20, 1993-Dec. 16-31, 1993.</subfield></datafield><datafield ind1=" " ind2=" " tag="530"><subfield code="a">Master negatives are available for duplication from:</subfield><subfield code="b">California Newspaper Microfilm Archive;</subfield><subfield code="c">positive copies may be purchased by the reel; for further information consult the CNMA at:</subfield><subfield code="u">http://cbsr.ucr.edu</subfield></datafield><datafield ind1=" " ind2="0" tag="651"><subfield code="a">Sonoma County (Calif.)</subfield><subfield code="v">Newspapers.</subfield></datafield><datafield ind1=" " ind2="7" tag="655"><subfield code="a">Newspapers.</subfield><subfield code="2">fast</subfield><subfield code="0">(OCoLC)fst01423814</subfield></datafield><datafield ind1=" " ind2="7" tag="651"><subfield code="a">California</subfield><subfield code="z">Sonoma County.</subfield><subfield code="2">fast</subfield><subfield code="0">(OCoLC)fst01213638</subfield></datafield><datafield ind1=" " ind2=" " tag="752"><subfield code="a">United States</subfield><subfield code="b">California</subfield><subfield code="c">Sonoma</subfield><subfield code="d">Santa Rosa.</subfield></datafield><datafield ind1=" " ind2=" " tag="752"><subfield code="a">United States</subfield><subfield code="b">California</subfield><subfield code="c">Sonoma</subfield><subfield code="d">Freestone.</subfield></datafield><datafield ind1=" " ind2=" " tag="752"><subfield code="a">United States</subfield><subfield code="b">California</subfield><subfield code="c">Sonoma</subfield><subfield code="d">Forestville.</subfield></datafield><datafield ind1=" " ind2=" " tag="752"><subfield code="a">United States</subfield><subfield code="b">California</subfield><subfield code="c">Sonoma</subfield><subfield code="d">Monte Rio.</subfield></datafield><datafield ind1=" " ind2=" " tag="752"><subfield code="a">United States</subfield><subfield code="b">California</subfield><subfield code="c">Sonoma</subfield><subfield code="d">Guerneville.</subfield></datafield><datafield ind1="0" ind2="0" tag="785"><subfield code="t">Sonoma County independent</subfield><subfield code="x">1074-309X</subfield><subfield code="w">(DLC)sn 94002260</subfield><subfield code="w">(OCoLC)29676731</subfield></datafield><datafield ind1=" " ind2=" " tag="936"><subfield code="a">Vol. 11, issue 23 (Nov. 9-15, 1989) LIC</subfield></datafield></record>